<record><leader>00000cas a22000007a 4500</leader><controlfield tag="001">20450656</controlfield><controlfield tag="008">891006c19uu9999dcuuu n       0   a0eng c</controlfield><datafield ind1=" " ind2=" " tag="010"><subfield code="a">sn 89002957 </subfield></datafield><datafield ind1=" " ind2=" " tag="040"><subfield code="a">NSD</subfield><subfield code="b">eng</subfield><subfield code="c">NSD</subfield><subfield code="d">OCLCQ</subfield><subfield code="d">UKMGB</subfield><subfield code="d">OCLCQ</subfield><subfield code="d">OCLCO</subfield></datafield><datafield ind1=" " ind2=" " tag="012"><subfield code="l">a</subfield></datafield><datafield ind1="7" ind2=" " tag="016"><subfield code="a">011143430</subfield><subfield code="2">Uk</subfield></datafield><datafield ind1="0" ind2=" " tag="022"><subfield code="a">1046-5693</subfield><subfield code="l">1046-5693</subfield><subfield code="2">1</subfield></datafield><datafield ind1="1" ind2=" " tag="029"><subfield code="a">AU@</subfield><subfield code="b">000025790550</subfield></datafield><datafield ind1=" " ind2=" " tag="037"><subfield code="b">University of the District of Columbia, 4200 Conn. Ave., NW, Bldg. 38, Rm. 301, Washington, DC 20008</subfield></datafield><datafield ind1=" " ind2=" " tag="042"><subfield code="a">nsdp</subfield><subfield code="a">pcc</subfield></datafield><datafield ind1="1" ind2="0" tag="082"><subfield code="a">071</subfield><subfield code="2">11</subfield></datafield><datafield ind1="0" ind2=" " tag="210"><subfield code="a">Trilogy</subfield><subfield code="b">(Wash. D.C.)</subfield></datafield><datafield ind1=" " ind2="0" tag="222"><subfield code="a">Trilogy</subfield><subfield code="b">(Washington, D.C.)</subfield></datafield><datafield ind1="0" ind2="0" tag="245"><subfield code="a">Trilogy.</subfield></datafield><datafield ind1=" " ind2=" " tag="260"><subfield code="a">[Washington, DC :</subfield><subfield code="b">C. Lasana James]</subfield></datafield><datafield ind1=" " ind2=" " tag="300"><subfield code="a">v.</subfield></datafield><datafield ind1=" " ind2=" " tag="550"><subfield code="a">Published by the Students of the University of the District of Columbia.</subfield></datafield><datafield ind1=" " ind2=" " tag="588"><subfield code="a">Description based on: Vol. 13, no. 1 (Sept. 1989).</subfield></datafield><datafield ind1="2" ind2=" " tag="710"><subfield code="a">University of the District of Columbia.</subfield></datafield><datafield ind1=" " ind2=" " tag="752"><subfield code="a">United States</subfield><subfield code="b">District of Columbia</subfield><subfield code="d">Washington.</subfield></datafield></record>